@Book{bishop,
author = {Bishop,Christopher M},
title = {Pattern Recognition and Machine Learning},
publisher = {Springer},
year = {2007},
}
@Article{hellinger,
author = {Cieslak,David A and Chawla,Nitesh V},
title = {Learning Decision Trees for Unbalanced Data},
journal = {ECML/PKDD},
year = {2008},
}
@InProceedings{jrip,
author = {Cohen,William W},
title = {Fast Effective Rule Induction},
booktitle = {In Proceedings of the Twelfth International Conference on Machine Learning},
journal = {12th International Conference on Machine Learning},
year = {1995},
pages = {115--123},
publisher = {Morgan Kaufmann},
}
@Article{smote,
author = {Chawla,Nitesh V and Bowyer,Kevin W and Hall,Lawrence O and Kegelmeyer,Philip W},
title = {SMOTE: Synthetic Mirotiry Over-sampling Technique},
journal = {Journal of Artificial Intelligence Research 16},
year = {2002},
}
@Article{roc,
author = {Fawcett,Tom},
title = {ROC Graphs: Notes and Practical Considerations for Researchers},
journal = {Kluwer Academic Publishers},
year = {2004},
}
@Article{sepandconq,
author = {F\"{u}rnkranz,Johannes},
title = {Separate-and-Conquer Rule Learning},
journal = {Springer},
year = 1999,
}
@Article{mccarthy,
author = {McCarthy,Kate and Zabar,Bibi and Weiss,Gary},
title = {Does Cost-Sensitive Learning Beat Sampling for Classifying Rare Classes?},
journal = {ACM},
year = 2005,
}
@Article{J48,
author = {Quinlan,Ross},
title = {C4.5: Programs for Machine Learning},
journal = {Morgan Kaufmann Publishers},
year = {1993},
}
@Article{gini-ig,
author = {Raileanu,Laura Elena and Stoffel,Kilian},
title = {Theoretical Comparison between the Gini Index and Information Gain Criteria},
journal = {Kluwer Academic Publishers},
year = {2004},
}
@Article{symptoms,
author = {Van den Bruel,Ann and Bruyninckx,Rudi and Vermeire,Etienne and Aerssens,Peter and Aertgeerts,Bert and Buntinx,Frank},
title = {Signs and symptoms for diagnosis of serious infections in children: a prospective study in primary care},
journal = {BioMed Central},
year = 2005,
}
@Article{buntinx,
author = {Van den Bruel,Ann and Bartholomeeusen,Stefaan and Aertgeerts,Bert and Truyers,Carla and Buntinx,Frank},
title = {Serious infections in children: an incidence study in family practice},
journal = {BioMed Central},
year = 2006,
}
@Article{REMED,
author = {Mena,Luis and Gonzalez,Jesus A},
title = {Symbolic one-class learning from imbalanced datasets: application in medical diagnosis},
journal = {World Scientific Publishing Company},
year = 2008,
}
@Article{batista,
author = {Batista,GE and Pratti,RC and Monard,MC},
title = {A study of the behaviour of several methods for balancing machine learning training data},
journal = {SIGKDD Explorations},
year = 2004,
}
@Article{garcia,
author = {Garc\'{\i}a,V and Garreta,Jos\'{e} Salvador S\'{a}nchez and Cardenas,Ram\'{o}n Alberto Mollineda and Alejo,R and Sotoca,Jos\'{e} Mart\'{\i}nez},
title = {The class imbalance problem in pattern classification and learning},
journal = {Thomson},
year = 2007,
}
@Article{raskutti,
author = {Raskutti,B and Kowalczyk,A},
title = {Extreme rebalancing for svms: a case study},
journal = {SIGKDD Explorations},
year = 2004,
}
@Article{Dietterich95solvingmulticlass,
author = {Dietterich,Thomas G. and Bakiri,Ghulum},
title = {Solving multiclass learning problems via error-correcting output codes},
journal = {Journal of Artificial Intelligence Research},
year = 1995,
volume = 2,
pages = {263--286}
}
@Article{Chawla04editorial:special,
author = {Chawla,Nitesh V and Japkowicz,Nathalie},
title = {Editorial: Special Issue on Learning from Imbalanced Data Sets},
journal = {SIGKDD Explorations},
year = 2004,
volume = 6,
pages = {2004}
}
@InProceedings{Blum98combininglabeled,
author = {Blum,Avrim and Mitchell,Tom},
title = {Combining labeled and unlabeled data with co-training},
booktitle = {},
year = {1998},
pages = {92--100},
publisher = {Morgan Kaufmann Publishers},
}
@InProceedings{Mccallum00textclassification,
author = {McCallum,Andrew and Mitchell,Tom},
title = {Text classification from labeled and unlabeled documents using EM},
booktitle = {Machine Learning},
year = {2000},
pages = {103--134},
}
@InProceedings{nigam00analyzing,
author = {Nigam,Kamal and Ghani,Rayid},
title = {Analyzing the Effectiveness and Applicability of Co-training},
booktitle = {CIKM},
pages = {86-93},
year = 2000,
}
@InProceedings{Dietterich00anexperimental,
author = {Dietterich,Thomas G},
title = {An experimental comparison of three methods for constructing ensembles of decision trees},
booktitle = {Bagging, boosting, and randomization. Machine Learning},
pages = {139--157},
year = 2000,
}
@PhdThesis{one-class-classification,
author = {Tax,David MJ},
title = {One-class classification},
school = {Delft University of Technology},
year = {2001},
}
@InBook{DietterichEnsemble02,
author = {Dietterich,Thomas G},
title = {The Handbook of Brain Theory and Neural Networks},
chapter = {Ensemble Learning},
publisher = {The MIT Press},
year = {2002},
edition = {2nd},
}
@Article{JoClassImbalances,
author = {Jo,Taeho and Japkowicz,Nathalie},
title = {Class Imbalances versus Small Disjuncts},
journal = {SIGKDD Explorations},
year = {2004},
volume = {6},
pages = {40--49},
}
@Misc{matlabToolbox,
author = {Van der Maaten,Laurens},
title = {Matlab Toolbox for Dimensionality Reduction},
year = {2008},
}
@Article{Zheng04featureselection,
author = {Zheng,Zhaohui},
title = {Feature selection for text categorization on imbalanced data},
journal = {ACM SIGKDD Explorations Newsletter},
year = {2004},
volume = {6},
pages = {80--89},
}
@Misc{Kotsiantis06,
author = {Kotsiantis,Sotiris and Kanellopoulos,Dimitris and Pintelas,Panayiotis},
title = {Handling imbalanced datasets: A review},
year = {2006},
}
@Article{miningwith04,
    author = {Weiss,Gary M.},
    title = {Mining with Rarity: A Unifying Framework},
    year = {2004},
    journal = {SIGKDD Explorations},
    volume = {6},
    number = {1},
    pages = {7--19},
}
@Article{probest06,
	author = {Chawla,Nitesh V. and Cieslak,David A.},
	title = {Evaluating Probability Estimates from Decision Trees},
	year = {2006},
	journal = {American Association for Artificial Intelligence},
}
@Article{Stochastic84,
	author = {German,Stuart and German,Donald},
	title = {Stochastic relaxation, Gibbs distributions and the Bayesian restoration of images.},
	year = {1984},
	journal = {IEEE Transactions on Pattern Analysis and Machine Intelligence},
	volume = {12},
	pages = {609--628},
}
@Article{calcpost87,
	author = {Tanner,M A and Wong, W H},
	title = {The calculation of posterior distributions by data augmentation},
	year = {1987},
	journal = {Journal of the American Statistical Association},
	volume = {82},
	pages = {528--549},
}
@Article{Cramer,
	author = {Cram\'{e}r,Harald},
	title = {Mathematical Methods of Statistics},
	year = {1946},
	journal = {Princeton University Press},
}
@Article{Caines,
	author = {Caines,Peter E},
	title = {Linear Stochastic Systems},
	year = {1988},
	journal = {John Wiley \& Sons Inc.},
}
@Article{Meng,
	author = {Meng,Xao-Li and Rubin,Donald B},
	title = {Maximum Likelihood Estimation via the ECM Algorithm},
	year = {1993},
	journal = {Biometrika},
	volume = {80},
	number = {2},
	pages = {267--278},
}
@Article{Sexton,
	author = {Sexton,Joe and Swensen,Anders Rygh},
	title = {ECM Algorithms that Converge at the Rate of EM},
	year = {2000},
	journal = {Biometrika},
	volume = {87},
	number = {3},
	pages = {651--662},
}
@Article{GordonCHAID,
	author = {Kass,Gordon V},
	title = {An Exploratory Technique for Investigating Large Quantities of Categorical Data},
	year = {1980},
	journal = {Journal of Applied Statistics},
	volume = {29},
	number = {2},
	pages = {119--127},
}
@InProceedings{StartGlobally08,
	author = {Cieslak,David A and Chawla,Nitesh V},
	title = {Start Globally, Optimize Locally, Predict Globally: Improving Performance on Imbalanced Data},
	booktitle = {IEEE International Conference on Data Mining (ICDM)},
	year = {2008},
	journal = {Eighth IEEE International Conference on Data Mining},
}
@InProceedings{John95estimatingcontinuous,
	author = {John,George H and Langley,Pat},
	title = {Estimating continuous distributions in bayesian classifiers},
	booktitle = {In Proceedings of the Eleventh Conference on Uncertainity in Artificial Intelligence},
	year = {1995},
	pages = {338--345},
	publisher = {Morgan Kaufmann},
}
@Book{Russell07Artificial,
	author = {Russell,Stuart and Norvig, Peter},
	title = {Artificial Intelligence A Modern Approach},
	publisher = {Prentice Hall of India},
	year = {2007},
	edition = {Second Edition},
}
@ARTICLE{Weiss03learningwhen,
    author = {Gary M. Weiss and Foster Provost},
    title = {Learning when training data are costly: The effect of class distribution on tree induction},
    journal = {Journal of Artificial Intelligence Research},
    year = {2003},
    volume = {19},
    pages = {315--354}
}
@InProceedings {Japkowicz01conceptlearning,
	author = {Japkowicz, N},
	title = {Concept learning in the presence of between-class and within-class imbalances},
	booktitle = {In Proceedings of the Fourteenth Conference of the Canadian Society for Computational Studies of Intelligence},
	year = {2001},
	pages = {67--77},
	publisher = {Springer-Verlag},
}
@INPROCEEDINGS{Holte89conceptlearning,
    author = {Robert C. Holte and Liane E. Acker and Bruce W. Porter},
    title = {Concept learning and the problem of small disjuncts},
    booktitle = {In Proceedings of the Eleventh International Joint Conference on Artificial Intelligence},
    year = {1989},
    pages = {813--818},
    publisher = {Morgan Kaufmann}
}
@Article{Japkowicz02classimbalance,
	author = {N. Japkowicz and S. Stephen},
	title = {The class imbalance problem: a systematic study},
	journal = {Intelligent Data Analysis Journal},
	year = {2002},
	volume = {6},
	number = {5},
}
@InProceedings{Prati04classimbalances,
    author = {Ronaldo C. Prati and Maria C. Monard},
    title = {Class imbalances versus class overlapping: an analysis of a learning system behaviour},
    booktitle = {In Proceedings of the III Mexican International Conference on Artificial Intelligence},
    year = {2004},
    pages = {312-321},
}
@ARTICLE{Neal03slicesampling,
    author = {Radford M. Neal},
    title = {Slice sampling},
    journal = {Annals of Statistics},
    year = {2003},
    volume = {31},
    pages = {705--767}
}
@InProceedings{Platt98machines,
	author = {John C. Platt},
	title = {Machines using Sequential Minimal Optimization},
	booktitle = {Advances in Kernel Methods - Support Vector Learning},
	year = {1998},
}
@Article{Platt98smo,
	author = {John C. Platt},
	title = {Sequential Minimal Optimization: A Fast Algorithm for Training Support Vector Machines},
	year = {1998},
}
@book{Bk1871082462,
	address = {Belmont, California, USA},
	author = {Breiman, L.  and Friedman, J. H.  and Olshen, R. A.  and Stone, C. J. },
	citeulike-article-id = {727195},
	key = {Key1871082462},
	keywords = {bayesian, bootstraps, cart, classification, mathematics, mdb, regression},
	posted-at = {2006-07-02 14:42:42},
	priority = {2},
	publisher = {Wadsworth International Group},
	title = {Classification and Regression Trees},
	year = {1984}
}
@INPROCEEDINGS{Hinton03stochasticneighbor,
    author = {Geoffrey Hinton and Sam Roweis},
    title = {Stochastic Neighbor Embedding},
    booktitle = {Advances in Neural Information Processing Systems 15},
    year = {2003},
    pages = {833--840},
    publisher = {MIT Press}
}
@article{citeulike:3749741,
	author = {van der Maaten, Laurens   and Hinton, Geoffrey  },
	citeulike-article-id = {3749741},
	journal = {Journal of Machine Learning Research},
	keywords = {dimension-reduction, locality, nearest-neighbors, spectral, visualization},
	month = {November},
	pages = {2579--2605},
	posted-at = {2008-12-05 09:58:18},
	priority = {2},
	title = {Visualizing Data using t-SNE},
	url = {http://www.jmlr.org/papers/volume9/vandermaaten08a/vandermaaten08a.pdf},
	volume = {9},
	year = {2008}
}
@INPROCEEDINGS{Aha91instance-basedlearning,
    author = {David W. Aha and Dennis Kibler},
    title = {Instance-based learning algorithms},
    booktitle = {Machine Learning},
    year = {1991},
    pages = {37--66}
}
@Inproceedings{cartLoh,
	author = {Loh,Wei-Yin},
	title = {Classification and Regression Tree Methods},
	booktitle = {Encyclopedia of Statistics in Quality and Reliability},
	year = {2008},
	pages = {315-323}
}
@InProceedings{oatesJensen97,
author = {Oates,T and Jensen,D},
title = {The effects of training set size on decision tree complexity},
booktitle = {Machine Learning: Proceedings of the Fourteenth International Conference},
year = {1997},
publisher = {Morgan Kaufmann},
pages = {254--262},
}
@Book{BootstrapMethods97,
author = {Davison,A.C. and Hinkley,D.V.},
title = {Bootstrap Methods and Their Application},
publisher = {Cambridge University Press},
year = {1997},
}
@InProceedings{SmoothedBootstrap01,
author = {Shakhnarovich, Gregory and El-Yaniv,Ran and Baram,Yoram},
title = {Smoothed Bootstrap and Statistical Data Cloning for Classifier Evaluation},
booktitle = {Proceedings of the Eighteenth International Conference on Machine Learning},
year = {2001},
publisher ={Morgan Kaufmann Publishers},
pages = {521--528 },
}
@misc{citeulike:2718782,
	author = {Elkan, C. },
	citeulike-article-id = {2718782},
	keywords = {bayes},
	posted-at = {2008-05-28 06:27:32},
	priority = {2},
	title = {Boosting and Naive Bayesian learning},
	url = {http://citeseer.ist.psu.edu/elkan97boosting.html},
	year = {1997}
}
@INPROCEEDINGS{Breiman01randomforests,
    author = {Leo Breiman and E. Schapire},
    title = {Random forests},
    booktitle = {Machine Learning},
    year = {2001},
    pages = {5--32}
}
@inproceedings{rmc07,
	author = {Prinzie, Anita and Van den Poel,Dirk},
	year = {2007},
	title = {Random Multiclass Classification: Generalizing RF to RMNL and RNB},
	booktitle = {Proceedings of the 18th International Database and Expert Systems Applications Conference},
	pages = {349--358},
	publisher = {Springer}
}
@INPROCEEDINGS{Liu07boostingprediction,
    author = {Yang Liu and Aijun An and Xiangji Huang},
    title = {Boosting prediction accuracy on imbalanced datasets with svm ensembles},
    booktitle = {in Proc. 10th Pacific-Asia Conference on Knowledge Discovery and Data Mining, 2006},
    year = {2007},
    pages = {107--118}
}
@INPROCEEDINGS{Roli02fixedand,
    author = {Fabio Roli and Giorgio Fumera},
    title = {Fixed and trained combiners for fusion of imbalanced pattern classifiers},
    booktitle = {in Proc. 5th Int’l Conf. on Information Fusion, 2002},
    year = {2002},
    pages = {278--284}
}
@ARTICLE{Dietterich97machine-learningresearch:,
    author = {Thomas G. Dietterich},
    title = {Machine-learning research: four current directions},
    journal = {AI Magazine},
    year = {1997},
    volume = {18},
    pages = {97--136}
}
@INPROCEEDINGS{Freund96experimentswith,
    author = {Yoav Freund and Robert E. Schapire},
    title = {Experiments with a New Boosting Algorithm},
    booktitle = {In Proceedings of the Thirteenth International Conference on Machine Learning},
    year = {1996},
    pages = {148--156},
    publisher = {Morgan Kaufmann}
}
@INPROCEEDINGS{Ridgeway98interpretableboosted,
    author = {Greg Ridgeway and David Madigan and Thomas Richardson},
    title = {Interpretable boosted naive bayes classification},
    booktitle = {Proceedings of the Fourth International Conference on Knowledge Discovery and Data Mining},
    year = {1998},
    pages = {101--104}
}
@Misc{strobl08why,
author = {Carolin Strobl and Achim Zeileis},
title = {Why and how to use random forest variable importance measures (and how you shouldn't)},
year = {2008},
}
@MISC{ProvostMLID,
    author = {Foster Provost},
    title = {Machine Learning from Imbalanced Data Sets 101 (Extended Abstract)},
    year = {}
}
@INPROCEEDINGS{domingos99MetaCost,
    author = {Pedro Domingos},
    title = {MetaCost: A General Method for Making Classifiers Cost-Sensitive},
    booktitle = {Proceedings of the Fifth International Conference on Knowledge Discovery and Data Mining},
    year = {1999},
}
@Unpublished{RegionClassif08,
author = {van Prehn, Jeffrey},
title = {Region Classification with Decision Trees and Decision-Tree Bagging},
school = {Maastricht University},
year = {2008},
}
@Book{Jiawei06,
author = {Han,Jiawei and Kamber,Micheline},
title = {Data Mining Concepts and Techniques},
publisher = {Morgan Kaufmann Publishers},
year = {2006},
edition = {2},
}
@inproceedings{confsdmHidoK08,
  author = {Shohei Hido and Hisashi Kashima},
  booktitle = {SDM},
  interHash = {0ee24c47f57c4e1ece1c057a7c306f2a},
  intraHash = {58639c6a4e1a4c2450394af3d495988e},
  pages = {143-152},
  publisher = {SIAM},
  title = {Roughly Balanced Bagging for Imbalanced Data.},
  year = {2008},
  date = {2008-06-11}
}
@INPROCEEDINGS{Breiman96baggingpredictors,
    author = {Leo Breiman},
    title = {Bagging Predictors},
    booktitle = {Machine Learning},
    year = {1996},
    pages = {123--140}
}
@article{1137548,
 title = {Asymmetric Bagging and Random Subspace for Support Vector Machines-Based Relevance Feedback in Image Retrieval},
 author = {Dacheng, Tao and Xiaoou, Tang and Xuelong, Li and Xindong, Wu},
 journal = {IEEE Trans. Pattern Anal. Mach. Intell.},
 volume = {28},
 number = {7},
 year = {2006},
 issn = {0162-8828},
 pages = {1088--1099},
 doi = {http://dx.doi.org/10.1109/TPAMI.2006.134},
 publisher = {IEEE Computer Society},
 address = {Washington, DC, USA},
 }
@Book{Dietterich01DM,
author = {Hand,David and Mannila, Heikki and Smyth,Padhraic},
editor = {Dietterich,Thomas},
title = {Principles of Data Mining},
publisher = {The MIT Press},
year = {2001},
}
@Book{Wang03DM,
author = {Wang,John},
editor = {Conley, Jane},
title = {Data Mining: Opportunities and Challenges},
publisher = {IDA Group Publishing},
year = {2003},
}
@INPROCEEDINGS{Drummond05Severe,
    author = {Drummond, C. and Holte, R.C.},
    title = {Severe Class Imbalance: Why Better Algorithms Aren’t the Answer},
    booktitle = {Proceedings of the 16th European Conference of Machine Learning},
    year = {2005},
}
@misc{mitchell80biases,
	author = {Mitchell, Tom  M. },
	citeulike-article-id = {4058496},
	keywords = {biases, machinelearning},
	pages = {184--191},
	posted-at = {2009-02-16 12:49:20},
	priority = {2},
	title = {The need for biases in learning generalizations},
	year = {1980}
}
@Book{Cheung01Adv,
author = {David Cheung and Graham J. Williams and Qing Li},
title = {Advances in Knowledge Discovery and Data Mining: 5th Pacific-Asia Conference},
publisher = {Springer},
year = {2001},
}
@Book{Metropolis53,
author = {Metropolis,N and Rosenbluth, A. W. and Teller, A. H. and Teller, E.},
title = {Chem. Phys. 21},
year = {1953},
pages = {1087},
}
@article{Metropolis49MonteCarlo,
 title = {The Monte Carlo Method},
 author = {Metropolis, N. and Ulam, S.},
 journal = {Journal of the American Statistical Association},
 volume = {44},
 number = {247},
 year = {1949},
 pages = {335--341},
 doi = {http://www.jstor.org/pss/2280232},
 }
@TechReport{Ali95,
author = {Ali, K. M. and Pazzani},
title = {On the Link between Error Correlation and Error Reduction in Decision Tree Ensembles},
institution = {Irvine, CA: Department of Information and Computer Science, University of Calfornia},
year = {1995},
number = {ICS-TR-95-38},
}
@TechReport{Breiman94Heur,
author = {Breiman, L.},
title = {Heuristics of Instability in Model Selection},
institution = {Berkeley: Statistics Department, University of California},
year = {1994},
}
@TechReport{Chen04RF,
author = {Chen, C. and Liaw, A. and Breiman L.},
title = {Using random forests to learn imbalanced data},
institution = {Statistics Department of University of California at Berkeley},
year = {2004},
number = {666},
}
@INPROCEEDINGS{Breiman96b,
    author = {Leo Breiman},
    title = {Bagging Predictors},
    booktitle = {Machine Learning},
    year = {1996},
    pages = {123--140}
}
@InBook{MachineLearning97Mitchell,
author = {Mitchell, Tom},
title = {Machine Learning},
chapter = {3},
publisher = {McGraw-Hill Education},
year = {1997},
pages = {52-66},
}
@Unpublished{NBLR06,
author = {Mitchell, Tom},
title = {Generative and Discriminative Classifiers: Naive Bayes and Logistic Regression},
year = {2006},
}
@article{exactvar60,
author = {Goodman, Leo A},
journal = {Journal of the American Statistical Association},
number = {292},
pages = {708--713},
title = {On the Exact Variance of Products},
volume = {55},
year = {1960}
}
@article{supervised06,
author = {Kotsiantis, S and Zaharakis, I and Pintelas, P.},
journal = {Artificial Intelligence Review},
number = {3},
pages = {159--190},
volume = {26},
year = {2006},
title = {Supervised machine Learning: a review of classification techniques},
publisher = {Springer}
}
@INPROCEEDINGS{Lewis98naive,
    author = {David D. Lewis},
    title = {Naive (Bayes) at Forty: The Independence Assumption in Information Retrieval},
    booktitle = {},
    year = {1998},
    pages = {4--15},
    publisher = {Springer Verlag}
}
@MISC{Church95oneterm,
    author = {Kenneth Ward Church},
    title = {One Term or Two?},
    year = {1995}
}
@Article{booleanqueries,
author = {Croft, W. Bruce},
title = {Boolean Queries and Term Dependencies in Probabilistic Retrieval Models.},
journal = {Journal of the American Society for Information Science},
year = {1986},
volume = {37},
number = {2},
pages = {71--77},
}
@InProceedings{bayesianinference,
author = {Del Favero, B. and Fung, R.},
title = {Bayesian inference with node aggregation for information retrieval},
booktitle = {The Second Text Retrieval Conference (TREC-2)},
pages = {151-162},
year = {1994},
}
@INPROCEEDINGS{lewis98,
    author = {Lewis, D. D.},
    title = {Naive (Bayes) at Forty: The Independence Assumption in Information Retrieval},
    year = {1998},
    pages = {4--15},
    publisher = {Springer Verlag},
}
@Article{harper78eval,
author = {Harper, D. J. and Van Rijsbergen, C. J.},
title = {An Evaluation of Feedback in Document Retrieval Using Co-Occurrence Data.},
journal = {Journal of Documentation, v34 n3 p189-216 Sep 1978},
year = {1978},
volume = {34},
number = {3},
pages = {189--216},
month = {Sept},
}
@ARTICLE{Turtle91evaluationof,
    author = {Howard Turtle and W. Bruce Croft},
    title = {Evaluation of an Inference Network-Based Retrieval Model},
    journal = {ACM Transactions on Information Systems},
    year = {1991},
    volume = {9},
    pages = {187--222}
}
@ARTICLE{Rijsbergen77,
    author = {van Rijsbergen, C.J.},
    title = {A theoretical basis for the use of co-occurrence data in information retrieval},
    journal = {Journal of Documentation},
    year = {1977},
    volume = {33},
    number = {2},
    pages = {106--119}
}
@article{joydeep07,
	author = {Liu, Alexander and Ghosh, Joydeep},
	title = {Generative Oversampling for Mining Imbalanced Datasets},
	year = {2007},
	}

